@article{khan_gul_zareei_biswal_zeb_naeem_saeed_salim_2020, title={Movie review summarization using supervised learning and graph-based ranking algorithm}, volume={2020}, DOI={10.1155/2020/7526580}, journal={Computational Intelligence and Neuroscience}, author={Khan, Atif and Gul, Muhammad Adnan and Zareei, Mahdi and Biswal, R. R. and Zeb, Asim and Naeem, Muhammad and Saeed, Yousaf and Salim, Naomie}, year={2020}, pages={1–14}} 

@article{m_mehla_2019, title={Sentiment analysis of movie reviews using Machine Learning Classifiers}, volume={182}, DOI={10.5120/ijca2019918756}, number={50}, journal={International Journal of Computer Applications}, author={M, Mamtesh and Mehla, Seema}, year={2019}, pages={25–28}} 

@article{alsaqer_sasi_2017, title={Movie review summarization and sentiment analysis using rapidminer}, DOI={10.1109/netact.2017.8076790}, journal={2017 International Conference on Networks &amp; Advances in Computational Technologies (NetACT)}, author={Alsaqer, Alaa F. and Sasi, Sreela}, year={2017}} 

@article{dashtipour_gogate_adeel_larijani_hussain_2021, title={Sentiment analysis of Persian movie reviews using Deep Learning}, volume={23}, DOI={10.3390/e23050596}, number={5}, journal={Entropy}, author={Dashtipour, Kia and Gogate, Mandar and Adeel, Ahsan and Larijani, Hadi and Hussain, Amir}, year={2021}, pages={596}} 

@article{pizam_ellis_1999, title={Customer satisfaction and its measurement in hospitality enterprises}, volume={11}, DOI={10.1108/09596119910293231}, number={7}, journal={International Journal of Contemporary Hospitality Management}, author={Pizam, Abraham and Ellis, Taylor}, year={1999}, pages={326–339}} 

@misc{shi_keneshloo_ramakrishnan_reddy_2020, title={Neural abstractive text summarization with sequence-to-sequence models}, url={https://arxiv.org/abs/1812.02303}, journal={arXiv.org}, author={Shi, Tian and Keneshloo, Yaser and Ramakrishnan, Naren and Reddy, Chandan K.}, year={2020}, month={Sep}} 

@article{etemad_abidi_chhabra_2021, title={A review on abstractive text summarization using Deep Learning}, DOI={10.1109/icrito51393.2021.9596500}, journal={2021 9th International Conference on Reliability, Infocom Technologies and Optimization (Trends and Future Directions) (ICRITO)}, author={Etemad, Abdul Ghafoor and Abidi, Ali Imam and Chhabra, Megha}, year={2021}} 

@misc{duseja_2020, title={Text summarization using Deep Neural Networks}, url={https://towardsdatascience.com/text-summarization-using-deep-neural-networks-e7ee7521d804}, journal={Medium}, publisher={Towards Data Science}, author={Duseja, Shivam}, year={2020}, month={Aug}} 

@misc{zhang_xu_wang_2019, title={Pretraining-based natural language generation for text summarization}, url={https://arxiv.org/abs/1902.09243}, journal={arXiv.org}, author={Zhang, Haoyu and Xu, Jianjun and Wang, Ji}, year={2019}, month={Apr}} 

@article{gupta_lehal_2010, title={A survey of text summarization extractive techniques}, volume={2}, DOI={10.4304/jetwi.2.3.258-268}, number={3}, journal={Journal of Emerging Technologies in Web Intelligence}, author={Gupta, Vishal and Lehal, Gurpreet Singh}, year={2010}} 

@misc{kirmani_manzoor, title={Hybrid text summarization: A survey}, url={http://link.springer.com/10.1007/978-981-13-0589-4_7}, journal={SpringerLink}, publisher={Springer Singapore}, author={Kirmani, Mahira and Manzoor Hakak, Nida and Mohd, Mudasir and Mohd, Mohsin}, year={1970}, month={Jan}} 

@misc{lopez_kalita_2017, title={Deep learning applied to NLP}, url={http://arxiv.org/abs/1703.03091}, journal={arXiv.org}, author={Lopez, Marc Moreno and Kalita, Jugal}, year={2017}, month={Mar}} 

@misc{socher_bengio_manning, title={Deep learning for NLP (without magic)}, url={https://aclanthology.org/P12-4005}, journal={ACL Anthology}, author={Socher, Richard and Bengio, Yoshua and Manning, Christopher D.}} 

@article{wolf__2020, title={Transformers: State-of-the-art natural language processing}, DOI={10.18653/v1/2020.emnlp-demos.6}, journal={Proceedings of the 2020 Conference on Empirical Methods in Natural Language Processing: System Demonstrations}, author={Wolf, Thomas and Debut, Lysandre and Sanh, Victor and Chaumond, Julien and Delangue, Clement and Moi, Anthony and Cistac, Pierric and Rault, Tim and Louf, Remi and Funtowicz, Morgan and et al.}, year={2020}} 

@article{brasoveanu_andonie_2020, title={Visualizing transformers for NLP: A brief survey}, DOI={10.1109/iv51561.2020.00051}, journal={2020 24th International Conference Information Visualisation (IV)}, author={Brasoveanu, Adrian M. and Andonie, Razvan}, year={2020}} 

@article{joy_selvan_2022, title={A comprehensive study on the performance of different multi-class classification algorithms and hyperparameter tuning techniques using optuna}, DOI={10.1109/ic3sis54991.2022.9885695}, journal={2022 International Conference on Computing, Communication, Security and Intelligent Systems (IC3SIS)}, author={Joy, Johnsymol and Selvan, Mercy Paul}, year={2022}} 

@misc{liu_wang_2021, title={An empirical study on hyperparameter optimization for fine-tuning pre-trained language models}, url={http://arxiv.org/abs/2106.09204}, journal={arXiv.org}, author={Liu, Xueqing and Wang, Chi}, year={2021}, month={Jun}} 

@misc{engdahl_2008, title={Blogs}, url={https://aws.amazon.com/blogs/machine-learning/bring-your-own-hyperparameter-optimization-algorithm-on-amazon-sagemaker/}, journal={Amazon}, publisher={Greenhaven Press/Gale}, author={Engdahl, Sylvia}, year={2008}} 

@misc{semantic_scholar, title={[PDF] exploring generalization in deep learning}, url={https://www.semanticscholar.org/reader/d53fb3feeeab07a0d70bf466dd473ec6052ecc07}, journal={Semantic Scholar}} 

@misc{Zhou_2021, title={[PDF] domain generalization with Mixstyle}, url={https://www.semanticscholar.org/reader/4f6eafafc9563a5b904535078df7e74afe39ef59}, journal={Semantic Scholar}} 

@article{brasoveanu_andonie_2020, title={Visualizing transformers for NLP: A brief survey}, DOI={10.1109/iv51561.2020.00051}, journal={2020 24th International Conference Information Visualisation (IV)}, author={Brasoveanu, Adrian M. and Andonie, Razvan}, year={2020}} 

@article{mukherjee_peruri_vishnu_goyal_bhattacharya_ganguly_2020, title={Read what you need: Controllable aspect-based opinion summarization of tourist reviews}, DOI={10.1145/3397271.3401269}, journal={Proceedings of the 43rd International ACM SIGIR Conference on Research and Development in Information Retrieval}, author={Mukherjee, Rajdeep and Peruri, Hari Chandana and Vishnu, Uppada and Goyal, Pawan and Bhattacharya, Sourangshu and Ganguly, Niloy}, year={2020}} 

@article{boorugu_ramesh_2020, title={A survey on NLP based text summarization for summarizing product reviews}, DOI={10.1109/icirca48905.2020.9183355}, journal={2020 Second International Conference on Inventive Research in Computing Applications (ICIRCA)}, author={Boorugu, Ravali and Ramesh, G.}, year={2020}} 

@article{mcauley_leskovec_2013, title={From amateurs to connoisseurs}, DOI={10.1145/2488388.2488466}, journal={Proceedings of the 22nd international conference on World Wide Web}, author={McAuley, Julian John and Leskovec, Jure}, year={2013}} 

@article{kouris_alexandridis_stafylopatis_2019, title={Abstractive text summarization based on deep learning and semantic content generalization}, DOI={10.18653/v1/p19-1501}, journal={Proceedings of the 57th Annual Meeting of the Association for Computational Linguistics}, author={Kouris, Panagiotis and Alexandridis, Georgios and Stafylopatis, Andreas}, year={2019}} 

@article{barna_heickal_2022, title={An automatic abstractive text summarization system}, volume={6}, DOI={10.3329/dujase.v6i2.59217}, number={2}, journal={Dhaka University Journal of Applied Science and Engineering}, author={Barna, Nasid Habib and Heickal, Hasnain}, year={2022}, pages={39–48}} 

@misc{lin_2004, title={Rouge: A package for automatic evaluation of summaries}, url={https://aclanthology.org/W04-1013}, journal={ACL Anthology}, author={Lin, Chin-Yew}} 

 @misc{steinberger_ježek, title={Evaluation measures for text summarization}, url={http://www.cai.sk/ojs/index.php/cai/article/view/37}, journal={COMPUTING AND INFORMATICS}, author={Steinberger, Josef and Ježek, Karel}} 